% Insert your bib items here.

@article{jr:2022_YR,
title = {Science Requirements and Detector Concepts for the Electron-Ion Collider: EIC Yellow Report},
journal = {Nuclear Physics A},
volume = {1026},
pages = {122447},
year = {2022},
issn = {0375-9474},
doi = {https://doi.org/10.1016/j.nuclphysa.2022.122447},
url = {https://www.sciencedirect.com/science/article/pii/S0375947422000677},
author = {R. {Abdul Khalek} and others},
}


@article{Gao:2017mmp,
    author = "Gao, Fei and Chang, Lei and Liu, Yu-Xin and Roberts, Craig D. and Tandy, Peter C.",
    title = "{Exposing strangeness: projections for kaon electromagnetic form factors}",
    eprint = "1703.04875",
    archivePrefix = "arXiv",
    primaryClass = "nucl-th",
    doi = "10.1103/PhysRevD.96.034024",
    journal = "Phys. Rev. D",
    volume = "96",
    number = "3",
    pages = "034024",
    year = "2017"
}

@article{Huber:2008id,
    author = "Huber, G.M. and others",
    collaboration = "Jefferson Lab",
    title = "{Charged pion form-factor between $Q^2$ = 0.60~GeV$^2$ and 2.45~GeV$^2$. II. Determination
    of, and results for, the pion form-factor}",
    eprint = "0809.3052",
    archivePrefix = "arXiv",
    primaryClass = "nucl-ex",
    reportNumber = "JLAB-PHY-08-864",
    doi = "10.1103/PhysRevC.78.045203",
    journal = "Phys. Rev. C",
    volume = "78",
    pages = "045203",
    year = "2008"
}

@article{Horn:2006tm,
    author = "Horn, T. and others",
    collaboration = "Jefferson Lab F(pi)-2",
   title = "{Determination of the Pion Charge Form Factor at ${Q}^{2}=1.60$ and $2.45\text{ }\text{
   }(\mathrm{GeV}/c{)}^{2}$}",
    eprint = "nucl-ex/0607005",
    archivePrefix = "arXiv",
    reportNumber = "JLAB-PHY-06-523",
    doi = "10.1103/PhysRevLett.97.192001",
    journal = "Phys. Rev. Lett.",
    volume = "97",
    pages = "192001",
    year = "2006"
}

@article{Horn:2016rip,
      author         = "Horn, Tanja and Roberts, Craig D.",
      title          = "{The pion: an enigma within the Standard Model}",
      journal        = "J. Phys. G.",
      volume         = "43",
      year           = "2016",
      pages          = "073001",
      archivePrefix  = "arXiv",
      primaryClass   = "nucl-th",
      SLACcitation   = "%%CITATION = ARXIV:1602.04016;%%"
}

@article{Volmer:2000ek,
    author = "Volmer, J. and others",
    collaboration = "Jefferson Lab F(pi)",
    title = "{Measurement of the Charged Pion Electromagnetic Form-Factor}",
    eprint = "nucl-ex/0010009",
    archivePrefix = "arXiv",
    reportNumber = "JLAB-PHY-00-16",
    doi = "10.1103/PhysRevLett.86.1713",
    journal = "Phys. Rev. Lett.",
    volume = "86",
    pages = "1713--1716",
    year = "2001"
}

@article{Blok:2008jy,
    author = "Blok, H.P. and others",
    collaboration = "Jefferson Lab",
    title = "{Charged pion form factor between $Q^2$=0.60 and 2.45 GeV$^2$. I. Measurements of the cross
    section for the ${^1}$H($e,e'\pi^+$)$n$ reaction}",
    eprint = "0809.3161",
    archivePrefix = "arXiv",
    primaryClass = "nucl-ex",
    reportNumber = "JLAB-PHY-08-873",
    doi = "10.1103/PhysRevC.78.045202",
    journal = "Phys. Rev. C",
    volume = "78",
    pages = "045202",
    year = "2008"
}


@article{Tadevosyan:2007yd,
    author = "Tadevosyan, V. and others",
    collaboration = "Jefferson Lab F(pi)",
      title = "{Determination of the pion charge form factor for ${Q}^{2}=$ 0.60--1.60 GeV${}^{2}$}",
    eprint = "nucl-ex/0607007",
    archivePrefix = "arXiv",
    reportNumber = "JLAB-PHY-06-522",
    doi = "10.1103/PhysRevC.75.055205",
    journal = "Phys. Rev. C",
    volume = "75",
    pages = "055205",
    year = "2007"
}

@article{Huber:2014ius,
    author = "Huber, G.M. and others",
    collaboration = "Jefferson Lab Fpi",
    title = "{Separated Response Function Ratios in Exclusive, Forward $\pi^{\pm}$ Electroproduction}",
    eprint = "1404.3985",
    archivePrefix = "arXiv",
    primaryClass = "nucl-ex",
    reportNumber = "JLAB-PHY-14-1868",
    doi = "10.1103/PhysRevLett.112.182501",
    journal = "Phys. Rev. Lett.",
    volume = "112",
    number = "18",
    pages = "182501",
    year = "2014"
}

@article{Huber:2014kar,
    author = "Huber, G.M. and others",
    collaboration = "Jefferson Lab F\$\textbackslash{}pi\$",
    title = "{Separated Response Functions in Exclusive, Forward $\pi^{\pm}$ Electroproduction on Deuterium}",
    eprint = "1412.5140",
    archivePrefix = "arXiv",
    primaryClass = "nucl-ex",
    reportNumber = "JLAB-PHY-14-1996",
    doi = "10.1103/PhysRevC.91.015202",
    journal = "Phys. Rev. C",
    volume = "91",
    number = "1",
    pages = "015202",
    year = "2015"
}


@article{Horn:2007ug,
    author = "Horn, T. and others",
    title = "{Scaling study of the pion electroproduction cross sections and the pion form factor}",
    eprint = "0707.1794",
    archivePrefix = "arXiv",
    primaryClass = "nucl-ex",
    reportNumber = "JLAB-PHY-07-679",
    doi = "10.1103/PhysRevC.78.058201",
    journal = "Phys. Rev. C",
    volume = "78",
    pages = "058201",
    year = "2008"
}

@unpublished{E12-19-006,
    author = "Huber, G. M. and Gaskell, D. and Horn, T. and others",
    title  = "{Measurement of the Charged Pion Form Factor to High $Q^2$ and Scaling Study of the
    L/T-Separated Pion Electroproduction Cross Section at 11 GeV}",
    note   = " Jefferson Lab 12 GeV Experiment E12-19-006",
    url = {https://www.jlab.org/exp_prog/proposals/19/E12-19-006.pdf}
}

@article{PETERLEPAGE1979359,
title = {Exclusive processes in quantum chromodynamics: Evolution equations for hadronic wavefunctions and the form factors of mesons},
journal = {Physics Letters B},
volume = {87},
number = {4},
pages = {359-365},
year = {1979},
issn = {0370-2693},
doi = {https://doi.org/10.1016/0370-2693(79)90554-9},
url = {https://www.sciencedirect.com/science/article/pii/0370269379905549},
author = {G. {Peter Lepage} and Stanley J. Brodsky},
}

@misc{DEMPgen,
      author="Ahmed, Z. and others",      
      title = "{DEMPgen: Physics event generator for Deep Exclusive Meson Production at Jefferson Lab and the EIC}", 
      year = {2024},
      eprint = {2403.06000},
      archivePrefix = {arXiv},
      primaryClass = {hep-ph},
      url = {https://arxiv.org/abs/2403.06000},
}

@article{ECCE_DifTag,
  author = "Bylinkin, A. and others",
  title = "Detector Requirements and Simulation Results for the EIC Exclusive, Diffractive and Tagging Physics Program using the ECCE Detector Concept",
   volume={1052},
   year={2023},
   ISSN={0168-9002},
   url={http://dx.doi.org/10.1016/j.nima.2023.168238},
   DOI={10.1016/j.nima.2023.168238},
   journal={Nuclear Instruments and Methods in Physics Research Section A: Accelerators, Spectrometers, Detectors and Associated Equipment},
   publisher={Elsevier BV},
}