% Insert your bib items here.

@article{jr:2022_YR,
title = {Science Requirements and Detector Concepts for the Electron-Ion Collider: EIC Yellow Report},
journal = {Nuclear Physics A},
volume = {1026},
pages = {122447},
year = {2022},
issn = {0375-9474},
doi = {https://doi.org/10.1016/j.nuclphysa.2022.122447},
url = {https://www.sciencedirect.com/science/article/pii/S0375947422000677},
author = {R. {Abdul Khalek} and others},
}

@article{Aschenauer:2022aeb,
    author = "Aschenauer, E. C. and Batozskaya, V. and Fazio, S. and Gates, K. and Moutarde, H. and Sokhan, D. and Spiesberger, H. and Sznajder, P. and Tezgin, K.",
    title = "{EpIC: novel Monte Carlo generator for exclusive processes}",
    eprint = "2205.01762",
    archivePrefix = "arXiv",
    primaryClass = "hep-ph",
    doi = "https://doi.org/10.1140/epjc/s10052-022-10651-z",
    journal = "Eur. Phys. J. C",
    volume = "82",
    number = "9",
    pages = "819",
    year = "2022"
}

@misc{web_EpIC, 
  author = {},
  year = {},
  howpublished  = {\url{https://pawelsznajder.github.io/epic/}}
}

@article{Berthou:2015oaw,
    author = "Berthou, B. and others",
    title = "{PARTONS: PARtonic Tomography Of Nucleon Software}: {A computing framework for the phenomenology of Generalized Parton Distributions}",
    eprint = "1512.06174",
    archivePrefix = "arXiv",
    primaryClass = "hep-ph",
    doi = "https://doi.org/10.1140/epjc/s10052-018-5948-0",
    journal = "Eur. Phys. J. C",
    volume = "78",
    number = "6",
    pages = "478",
    year = "2018"
}

@misc{link_to_PARTONS, 
  author = {},
  year = {},
  howpublished = {\url{https://partons.cea.fr/partons/doc/html/index.html}}
}

@article{aschenauer2025studydeeplyvirtualcompton,
    author = "Elke-Caroline Aschenauer and Varvara Batozskaya and Salvatore Fazio and Alexander Jentsch and Jihee Kim and Krešimir Kumerički and Herve Moutarde and Kornelija Passek-K. and Daria Sokhan and Hubert Spiesberger and Paweł Sznajder and Kemal Tezgin",
    title = "{Study of deeply virtual Compton scattering at the future Electron-Ion Collider}",
    eprint = "2503.05908",
    archivePrefix = "arXiv",
    doi = "https://arxiv.org/abs/2503.05908",
    journal = "Accepted to Phys. Rev. D",
    primaryClass = "hep-ph",
    month = "",
    year = "2025"
}

@article{PhysRevLett.133.051901,
  title = {Probing the Quark Orbital Angular Momentum at Electron-Ion Colliders Using Exclusive ${\ensuremath{\pi}}^{0}$ Production},
  author = {Bhattacharya, Shohini and Zheng, Duxin and Zhou, Jian},
  journal = {Phys. Rev. Lett.},
  volume = {133},
  issue = {5},
  pages = {051901},
  numpages = {7},
  year = {2024},
  month = {Jul},
  publisher = {American Physical Society},
  doi = {10.1103/PhysRevLett.133.051901},
  url = {https://link.aps.org/doi/10.1103/PhysRevLett.133.051901}
}

@misc{afterburner_github,
  author = {},  
  howpublished  = {\url{https://github.com/eic/afterburner}}
}